<record xmlns="http://www.loc.gov/MARC21/slim" xmlns:xsi="http://www.w3.org/2001/XMLSchema-instance" xsi:schemaLocation="http://www.loc.gov/MARC21/slim http://www.loc.gov/standards/marcxml/schema/MARC21slim.xsd"><leader>     nam a22        4500</leader><controlfield tag="001">3238875</controlfield><controlfield tag="003">NNC</controlfield><controlfield tag="006">m        d        </controlfield><controlfield tag="007">cr cn |||m|||a</controlfield><controlfield tag="008">150316s1902    ae      ob    001 0 ara  </controlfield><datafield ind1=" " ind2=" " tag="040"><subfield code="a">NNU</subfield><subfield code="b">eng</subfield><subfield code="e">rda</subfield><subfield code="c">NNU</subfield></datafield><datafield ind1="0" ind2=" " tag="041"><subfield code="a">ara</subfield><subfield code="a">fre</subfield></datafield><datafield ind1="0" ind2=" " tag="050"><subfield code="a">PJ7755.K48</subfield><subfield code="b">R3 1902</subfield></datafield><datafield ind1="1" ind2=" " tag="100"><subfield code="a">Al-Khazraji&#772;, D&#803;iya&#772;&#700; al-Di&#772;n &#699;Ali&#772; ibn Muh&#803;ammad,</subfield><subfield code="d">approximately 1194-approximately 1229.</subfield></datafield><datafield ind1="1" ind2="3" tag="245"><subfield code="a">La Khazradjyah,</subfield><subfield code="c">traite&#769; de me&#769;trique arabe par Ali el Khazradji. Traduit et commente&#769; par Rene&#769; Basset.</subfield></datafield><datafield ind1="3" ind2=" " tag="246"><subfield code="a">Ra&#772;mizah al-sha&#772;fiyah fi&#772; &#699;ilmay al-&#699;aru&#772;d&#803; wa-al-qa&#772;fiyah</subfield></datafield><datafield ind1=" " ind2=" " tag="260"><subfield code="a">Alger,</subfield><subfield code="b">Impr. orientale P. Fontana,</subfield><subfield code="c">1902.</subfield></datafield><datafield ind1=" " ind2=" " tag="300"><subfield code="a">online resource (xiii, 181 pages)</subfield></datafield><datafield ind1=" " ind2=" " tag="336"><subfield code="a">text</subfield><subfield code="2">rdacontent</subfield></datafield><datafield ind1=" " ind2=" " tag="337"><subfield code="a">computer</subfield><subfield code="2">rdamedia</subfield></datafield><datafield ind1=" " ind2=" " tag="338"><subfield code="a">online resource</subfield><subfield code="2">rdacarrier</subfield></datafield><datafield ind1="0" ind2=" " tag="490"><subfield code="a">Gouvernement ge&#769;ne&#769;ral de l'Alge&#769;rie</subfield></datafield><datafield ind1=" " ind2=" " tag="500"><subfield code="a">At head of title: Gouvernement ge&#769;ne&#769;ral de l'Alge&#769;rie.</subfield></datafield><datafield ind1=" " ind2=" " tag="500"><subfield code="a">Arabic text and French translation of: al-Ra&#772;mizah al-sha&#772;fiyah fi&#772; &#699;ilmay al-&#699;aru&#772;d&#803; wa-al-qa&#772;fiyah (romanized form).</subfield></datafield><datafield ind1=" " ind2=" " tag="500"><subfield code="a">Part of the Arabic Collections Online (ACO) project, contributed by Columbia University Libraries.</subfield></datafield><datafield ind1=" " ind2=" " tag="504"><subfield code="a">Includes bibliographical references and indexes.</subfield></datafield><datafield ind1=" " ind2=" " tag="533"><subfield code="a">Electronic reproduction.</subfield><subfield code="b">New York, N.Y. :</subfield><subfield code="c">New York University,</subfield><subfield code="d">2015.</subfield><subfield code="5">NNU</subfield></datafield><datafield ind1=" " ind2="0" tag="650"><subfield code="a">Arabic language</subfield><subfield code="x">Versification.</subfield></datafield><datafield ind1=" " ind2="7" tag="650"><subfield code="a">Arabic language</subfield><subfield code="x">Versification.</subfield><subfield code="2">fast</subfield><subfield code="0">(OCoLC)fst00812458</subfield></datafield><datafield ind1="1" ind2=" " tag="700"><subfield code="a">Basset, Rene&#769;,</subfield><subfield code="d">1855-1924,</subfield><subfield code="e">ed. and tr.</subfield></datafield><datafield ind1="2" ind2=" " tag="710"><subfield code="a">Columbia University.</subfield><subfield code="b">Libraries.</subfield></datafield><datafield ind1="0" ind2=" " tag="730"><subfield code="a">Arabic Collections Online.</subfield></datafield><datafield ind1="0" ind2="8" tag="776"><subfield code="i">Online version:</subfield><subfield code="a">Al-Khazraji&#772;, D&#803;iya&#772;&#700; al-Di&#772;n &#699;Ali&#772; ibn Muh&#803;ammad, approximately 1194-approximately 1229.</subfield><subfield code="t">Khazradjyah.</subfield><subfield code="d">Alger, Impr. orientale P. Fontana, 1902</subfield><subfield code="w">(OCoLC)576363506</subfield></datafield><datafield ind1="0" ind2="8" tag="776"><subfield code="i">Print version:</subfield><subfield code="a">Al-Khazraji&#772;, D&#803;iya&#772;&#700; al-Di&#772;n &#699;Ali&#772; ibn Muh&#803;ammad, approximately 1194-approximately 1229.</subfield><subfield code="t">La Khazradjyah</subfield><subfield code="w">(NNC)3238875</subfield><subfield code="w">(DLC)ne 61000166 </subfield><subfield code="w">(OCoLC)7510324</subfield></datafield><datafield ind1="4" ind2="0" tag="856"><subfield code="u">http://hdl.handle.net/2333.1/pzgmsdr9</subfield></datafield><datafield ind1="1" ind2=" " tag="880"><subfield code="6">100-00/r</subfield><subfield code="a">&#1582;&#1586;&#1585;&#1580;&#1610;&#1548; &#1593;&#1576;&#1583; &#1575;&#1604;&#1604;&#1607; &#1576;&#1606; &#1593;&#1579;&#1605;&#1575;&#1606;.</subfield></datafield><datafield ind1="1" ind2="0" tag="880"><subfield code="6">240-00/r</subfield><subfield code="a">&#1575;&#1604;&#1585;&#1575;&#1605;&#1586;&#1577; &#1575;&#1604;&#1588;&#1575;&#1601;&#1610;&#1577; &#1601;&#1610; &#1593;&#1604;&#1605;&#1610; &#1575;&#1604;&#1593;&#1585;&#1608;&#1590; &#1608;&#1575;&#1604;&#1602;&#1575;&#1601;&#1610;&#1577;.</subfield><subfield code="l">&#1601;&#1585;&#1606;&#1587;&#1610; &#1608;&#1593;&#1585;&#1576;&#1610;</subfield></datafield><datafield ind1=" " ind2=" " tag="959"><subfield code="a">NNU</subfield><subfield code="b">WEB</subfield><subfield code="c">GENI</subfield><subfield code="t">0</subfield><subfield code="m">Electronic access</subfield><subfield code="s">01</subfield></datafield><datafield ind1=" " ind2=" " tag="999"><subfield code="i">NNC_3238875</subfield><subfield code="o">(OCoLC)ocm07510324 </subfield><subfield code="s">columbia_aco000253</subfield><subfield code="e">(ERROR-880)(ERROR-SERIES)</subfield></datafield></record>